2834 4817
277 187 280 193 ’
333 181 509 262 NOTAE
542 185 605 260 IN
634 183 829 266 vtTuM
858 179 1125 268 HORA‘rtta

137 407 145 437 f
169 347 443 441 JuntuMaecenatis
455 349 618 431 tumulum]
641 347 811 415 Decessttat
827 347 977 412 Maecenas
991 349 1093 412 eodem
1108 369 1197 414 anno.
1234 342 1341 438 Unde

128 455 226 516 autern
242 437 351 501 uuum
365 436 418 512 est,
440 451 474 499 ut
489 435 642 513 Horatius,
663 434 801 517 superstes
814 456 884 496 curn
903 434 983 509 esset,
1004 435 1077 498 nihil
1092 436 1123 497 in
1141 434 1254 514 scriptis
1279 456 1340 514 rea]

127 525 256 607 liquerit,
278 545 338 606 quo
351 521 500 585 testaretur
514 522 644 584 dolorem
659 543 696 582 ex
713 519 887 583 Maecenatis
909 537 1003 581 morte
1019 519 1219 601 conceptum?
1243 516 1339 596 Mihi

7 637 8 642 ¹
126 610 248 693 quidem
264 610 333 671 illud
349 629 410 670 non
425 608 539 669 videtur
553 606 696 684 credibile.
734 605 839 667 Tanto
853 626 920 666 eum
935 604 1043 680 asseslu
1058 605 1170 681 dilexit,
1185 618 1341 686 tantaun

125 696 160 766 iu
176 698 202 757 se
221 696 324 758 merita
337 694 400 778 'ejus
413 707 508 769 etant,
531 706 562 753 ut
583 692 662 754 nefas
685 687 753 752 esset
774 691 907 752 officium
930 691 1048 774 lugendi
1063 686 1243 758 Maecenatis
1259 692 1338 753 cui·
1364 743 1366 746 .

6 781 8 792 ’
126 802 217 862 quant
239 779 320 843 alteri
344 775 494 860 reliquisse.
539 775 636 839 Nullo
658 776 744 856 paeto
762 773 830 839 esset
853 777 1059 859 ignoscendum
1073 776 1146 839 adeo
1160 778 1343 853 inhumano,

125 866 261 929 facinori.
287 865 317 925 Si
334 865 373 925 ita
383 860 490 924 nefarie
504 861 636 946 ingratus
650 859 753 936 suisset,
769 883 828 923 non
843 877 904 925 tam
918 861 1089 929 aestimarem
1105 862 1222 943 scripta,
1234 882 1340 943 quarn

124 951 218 1033 ipsum
233 950 384 1012 austorern
398 947 580 1028 aspernarer:
605 967 712 1028 meque
726 946 797 1016 adeo
814 948 971 1026 poeniteret
992 948 1063 1012 tanti
1078 947 1218 1028 temporis
1240 947 1274 1008 in
1296 969 1340 1024 eo

126 1035 300 1118 explicando
313 1032 510 1116 vertendoqpe
533 1033 679 1094 collocati.
725 1030 887 1094 Videamus
910 1053 946 1094 an
971 1032 1089 1110 historia
1112 1034 1197 1096 nobis
1212 1032 1341 1133 aliquid

124 1121 271 1206 suggerat,
284 1117 364 1267 ppod
380 1138 447 1198 eum
462 1117 594 1203 expediat
607 1118 624 1180 ὲ
639 1118 762 1180 crimine
774 1116 873 1179 fitentii
891 1116 982 1193 istius,
1004 1120 1082 1201 quod
1097 1118 1214 1200 quidem
1230 1140 1343 1200 prrmo

127 1220 188 1269 tam
206 1206 285 1285 suspe
317 1225 367 1265 um
389 1218 510 1286 tamque
533 1204 664 1267 odiosum
686 1219 814 1284 apparet.
859 1200 922 1266 Dio
935 1204 971 1265 de
985 1227 1022 1265 eo
1042 1226 1120 1266 anno
1135 1204 1263 1289 loquens
1278 1204 1341 1286 qui¹

126 1290 290 1354 Maecenati
306 1289 455 1373 supremus
477 1287 544 1365 suit,
564 1305 717 1352 enumerat
732 1289 828 1370 ptimo
847 1289 949 1350 omnia
970 1289 1076 1366 felicia,
1099 1312 1167 1373 quae
1187 1290 1340 1373 Augusto

125 1399 163 1458 eo
176 1397 255 1443 anuo
279 1373 477 1458 contigerunt.
524 1372 665 1454 Cumque
686 1370 901 1454 demonstrasset
915 1375 1022 1454 priores
1044 1375 1113 1438 odio
1127 1378 1238 1440 menses
1254 1378 1342 1452 nihil

126 1455 152 1524 ei
169 1475 272 1542 praeter
285 1459 386 1524 felices
407 1472 529 1522 eventus
542 1457 656 1533 dedisse,
678 1458 757 1521 addit
771 1455 860 1522 finem
876 1461 944 1520 anni
966 1481 1027 1539 non
1050 1460 1221 1542 respondisse
1245 1465 1339 1543 prin-

126 1542 788 1711 {linustilll‘rstssllllllill
803 1542 1341 1697 i¹¹ii2¹¹s¹i⁶ili⁰sffiiiiiiisffi²

786 1674 794 1691 .
1269 1657 1341 1699 non

126 1715 180 1781 nist
202 1714 265 1795 post
282 1714 421 1777 odarum
444 1716 571 1777 mensem
585 1715 720 1799 contigit.
766 1716 810 1777 At
825 1653 1069 1796 quamvisgllatim
1084 1717 1147 1799 post
1157 1741 1224 1780 eum
1242 1743 1339 1784 rnen·

27 1847 30 1852 -
126 1802 185 1865 sem
201 1800 337 1865 exactum
352 1799 517 1883 contigislitt
535 1799 631 1886 (quod
645 1815 743 1863 tamen
760 1821 820 1864 non
833 1798 1036 1873 constat,cum
1051 1801 1114 1880 Dio
1126 1826 1187 1866 non
1197 1795 1255 1867 de'fi
1284 1820 1340 1871 net

127 1901 222 1969 quoto
234 1886 280 1948 die
294 1884 468 1966 contigerit)
486 1885 502 1945 ὲ
518 1883 575 1947 sine
595 1883 739 1949 Octobris
753 1885 789 1946 ad
803 1884 975 1967 vigesumum
989 1887 1141 1969 septimum
1160 1889 1238 1954 diem
1257 1828 1343 1955 {lod

127 1971 225 2034 vemb.
250 1979 311 2033 nott
335 1968 428 2033 suisset
449 1967 575 2033 Horatio
586 1970 714 2050 'spatium
736 1970 996 2058 primislacrymis
1016 1973 1218 2059 abstergendis.
1246 1976 1337 2042 'lta-

126 2075 186 2139 que
210 2055 324 2118 constat
344 2077 413 2117 eum
439 2076 499 2118 non
519 2057 568 2117 diu
594 2055 771 2135 superstitem
787 2054 867 2118 fuisse
892 2060 989 2120 arnico
1015 2059 1075 2128 suo.
1119 2060 1203 2142 Quid
1227 2078 1336 2127 autern

125 2142 204 2205 aliud
217 2141 313 2204 facere
335 2138 480 2224 potuisset,
502 2162 561 2223 quo
581 2140 685 2203 clarius
703 2140 923 2215 demonstraret,
945 2165 1033 2225 quarn
1057 2146 1244 2210 vehementer
1257 2172 1337 2214 eum

126 2225 280 2292 dilexerit?
304 2226 392 2290 Tum
415 2224 609 2309 proculdubio
629 2226 658 2288 id
684 2225 827 2307 praestitit,
849 2227 1013 2308 quod'ante
1027 2230 1139 2313 aliquot
1152 2253 1246 2296 annos
1262 2226 1339 2314 pol·-t

125 2313 226 2375 licitus
239 2325 407 2395 eratquum
422 2311 458 2373 ad
473 2309 673 2376 Maecenatem
688 2312 833 2390 scriberet,
852 2312 1013 2393 periculoso
1026 2317 1131 2382 morbo
1144 2316 1334 2388 laborantem

127 2399 298 2462 &mortem
310 2389 469 2481 optanteni.
661 2409 664 2414 '
754 2407 777 2412 ”
836 2407 838 2412 ’
861 2424 866 2432 ·
925 2409 928 2414 ’

381 2540 428 2606 Ab
441 2555 467 2604 te
478 2564 545 2604 meae
556 2539 587 2620 fi
594 2549 705 2627 parum,
715 2542 816 2626 anim
826 2545 910 2630 rapit

380 2627 531 2691 Maturior
544 2627 601 2702 uis,
622 2629 691 2711 quid
702 2653 791 2693 moror
802 2631 901 2708 ultera,

289 2721 294 2730 '
421 2710 668 2797 Natorumque,
689 2717 873 2800 uersuperster
903 2719 905 2734 '

429 2809 434 2821 '
464 2797 603 2881 Integer?
625 2800 743 2865 Islt'dt'es
757 2819 900 2885 utumque

382 2883 474 2946 Ducet
489 2886 600 2948 ruinam
608 2911 618 2961 ς
640 2908 691 2949 nun
703 2910 748 2983 ego
757 2889 893 2975 perfidum

277 3032 281 3041 ,
381 2967 687 3055 Dixisucrurunsum:
709 2975 819 3051 ibimus,
839 2977 949 3052 ibimus,

386 3069 393 3082 ¹
423 3052 563 3137 Utcunque
580 3058 724 3139 proeredes,
738 3058 896 3145 supremum

315 3193 317 3198 ⁴
429 3145 435 3158 '
466 3137 585 3225 s‘urp'ere
597 3142 651 3203 it'er
663 3143 766 3207 comites
776 3147 886 3232 putati,
907 3146 967 3211 dte.

169 3273 366 3376 Siassrologis
388 3276 542 3356 advocatis,
554 3281 591 3344 de
614 3284 700 3350 natali
716 3284 766 3349 suat
786 3286 859 3349 horu
884 3287 1064 3370 consultasset
1089 3287 1244 3373 Horatius,
1266 3317 1334 3376 non¹

127 3360 262 3462 potuisset
282 3361 320 3460 de
344 3365 461 3430 suorum
486 3381 652 3449 temporum
681 3381 752 3440 cunt
781 3365 959 3438 Maecenatis
986 3378 1166 3459 temporibus
1188 3383 1333 3452 consensu

128 3448 244 3512 fellerus
262 3448 385 3513 artolari.
428 3453 473 3514 At
497 3451 545 3515 ille
566 3451 661 3538 magis
686 3456 844 3537 perspeslas
865 3459 967 3523 habuit
980 3463 1120 3527 amicitiae
1135 3464 1206 3543 suae,
1233 3469 1334 3551 quant'

127 3533 224 3630 fatalis
245 3534 288 3596 soi
304 3530 400 3598 srderis
424 3538 518 3599 vireo,
555 3538 665 3623 Neque
684 3541 801 3604 difficile
814 3542 856 3608 est
870 3566 938 3613 vera
951 3547 1117 3630 vaticinati,
1136 3570 1208 3616 cum
1221 3553 1253 3618 in
1274 3555 1332 3619 tuo

81 3629 82 3638 ’
128 3618 347 3704 arbruiofittun
361 3619 407 3702 srt,
430 3637 463 3687 ut
477 3621 609 3693 confiant
623 3647 693 3711 quae
706 3628 882 3710 praedixeris.
1287 3624 1291 3630 ²
1326 3627 1332 3647 ⁵
