2834 4817
1383 2 1390 70 l

1388 73 1390 108 ι

180 208 254 288 ³⁵2
418 175 724 259 nncunrr
765 171 1159 272 ramberto·

222 330 299 397 Non
309 330 427 409 desunt,
438 331 568 403 scio,bie
579 328 763 411 temporibur
772 328 825 414 qui
908 325 1376 413 naiuaNomtnarisuexcipiunt,

180 421 234 504 qui
246 418 415 481 reclamant
425 416 574 487 laudibus,
585 419 693 501 quibus
704 434 755 498 per
765 414 870 478 omnia
891 413 977 477 ecula
989 415 1129 478 oelebrati
1144 415 1305 499 ornatique
1314 417 1375 491 sunt,

397 500 1377 650 intitulamurusitatarum

204 611 242 652 at
314 611 329 652 a
351 611 387 652 eo
462 611 479 650 u
547 611 560 651 r

181 613 248 738 pam
272 673 425 738 deuitandi
439 609 688 750 gadmiralr'lllrem,
708 671 797 757 eujua
822 630 912 733 rutel
931 668 973 734 est
992 669 1165 752 ignorantia,
1197 672 1382 754 imprudenter

179 760 338 824 discedunt
352 761 389 822 ab
402 758 496 823 altera
510 759 573 833 illai,
593 781 683 845 quam
700 755 787 821 Plato
802 772 957 839 nuncupat
969 770 1085 820 matrem
1087 756 1253 906 (rapientia,
1267 776 1379 841 quaque

181 847 277 929 prima
298 844 403 908 oculor
425 845 599 910 hominibus
613 844 741 928 aperuit.
787 839 920 905 Minime
936 842 1029 905 miror
1044 862 1085 924 pu
1098 843 1301 907 caritudinem
1314 843 1376 906 ilbu

181 932 328 1008 divinam,
342 951 412 1013 quae
426 930 503 1012 apud
515 927 682 1014 Scriptores
694 926 786 1014 longe
794 927 1044 1011 prestantium
1053 925 1165 1008 elucet,
1181 927 1252 993 istor
1261 929 1378 992 bombice

181 1038 245 1081 non
260 1036 378 1100 capere,
402 1036 499 1099 neque
522 1017 656 1080 trahere:
681 1035 790 1095 nempe
813 1011 993 1076 infirmiores
1018 1014 1099 1091 sunt,
1122 1036 1217 1098 quam
1239 1030 1273 1078 ut
1292 1014 1377 1078 oculu

182 1103 273 1166 tantis
283 1101 487 1185 splendoribus
499 1103 631 1166 intentor
641 1101 692 1163 diu
708 1115 932 1181 tenerequeant
944 1121 952 1160 ε
977 1121 1015 1162 ne
1026 1100 1125 1164 dicam
1137 1101 1257 1165 facilem
1269 1097 1379 1164 etiem

182 1189 337 1272 Antiquos
351 1195 556 1262 contemnere,
581 1185 756 1248 laboriosam
771 1185 842 1246 verb
856 1184 1033 1270 intelligere.

229 1271 323 1354 Quod
339 1272 374 1335 ad
393 1293 440 1335 me
456 1274 575 1347 attinet,
590 1269 722 1335 Divinos
737 1269 806 1332 illos
821 1268 912 1333 Viroe
928 1290 966 1333 ex
984 1271 1089 1334 animo
1102 1283 1184 1333 totus
1204 1270 1332 1335 admiror
1340 1287 1377 1332 rt·

186 1378 346 1440 nerorque.
390 1356 452 1421 Eos
479 1357 554 1421 rnibi
578 1356 690 1438 semper
713 1355 753 1418 ob
777 1353 883 1418 oculor
904 1376 999 1438 pono,
1019 1354 1103 1419 velut
1117 1353 1243 1436 Judicee
1257 1355 1377 1420 verenda

186 1442 218 1506 δι
234 1445 435 1542 incorruptos,
457 1443 536 1523 apud
547 1464 622 1528 quos
637 1442 765 1503 libenter
778 1436 862 1526 fingo
871 1440 1051 1505 reddendam
1065 1442 1142 1505 mibi
1155 1437 1212 1503 effe
1225 1442 1377 1526 scriptum

182 1549 318 1592 meorum
333 1546 490 1596 rauonem.

200 1683 203 1688 y
225 1611 343 1699 Magoa
365 1614 484 1675 interim
507 1611 599 1674 ducor
620 1609 801 1674 Posteritatis
822 1611 1007 1673 reverentia:
1032 1610 1168 1675 timidior
1192 1634 1281 1696 quarn
1294 1610 1374 1675 siden·

182 1699 242 1763 tior
256 1700 369 1783 cogito,
383 1696 471 1778 quale
492 1698 528 1759 de
547 1697 687 1775 operibus
708 1696 795 1771 meis,
817 1695 935 1759 stbono
955 1695 1008 1759 suo
1022 1697 1085 1760 sato
1102 1717 1141 1760 eo
1155 1698 1304 1778 pervenire
1318 1696 1376 1778 pos-

182 1779 253 1860 sint,
270 1783 419 1869 judicium
443 1782 538 1845 latura
562 1781 607 1846 stt.
650 1781 727 1846 Nou
747 1781 814 1844 ideo
836 1797 936 1845 tamen
958 1782 1084 1845 minoris
1097 1779 1319 1845 aeslimododloa
1337 1781 1377 1842 vi·

181 1890 244 1944 ros,
265 1869 316 1951 qui
329 1868 418 1931 hodie
432 1868 539 1931 vivunt
549 1893 561 1944 i
584 1867 671 1932 multi
693 1868 774 1944 suut,
794 1865 899 1942 sateor,
920 1868 973 1948 qui
987 1866 1122 1930 seculum
1145 1865 1278 1931 nostrum
1298 1887 1377 1930 exor-

181 1955 344 2102 rtl‘ttl
369 1950 1376 2122 tit'ssdtllssliiltlaltllbb‘tffslrttffllbss

181 2125 285 2207 sapiat,
307 2081 359 2187 aul
383 2125 436 2205 qui
457 2145 564 2186 eorum
586 2137 732 2206 praecepta
757 2144 819 2186 non
840 2080 985 2198 observel,
1007 2123 1088 2187 unde
1101 2061 1259 2206 quantuul
1277 2123 1375 2186 aberra·

181 2212 271 2286 ueris,
304 2224 420 2272 tantum
448 2210 486 2273 ab
511 2210 571 2290 ipsa
593 2213 701 2271 natural
728 2207 758 2270 dc
784 2208 907 2271 veritate
933 2206 1098 2272 discesseris.
1153 2207 1269 2293 Neque
1293 2227 1375 2271 vereat

181 2293 370 2371 confirmare,
404 2316 466 2357 non
495 2291 551 2357 else
578 2294 729 2357 difficilius
763 2291 824 2356 stne
854 2292 923 2355 luce
950 2293 1046 2357 oculis
1074 2292 1193 2379 objedla
1219 2294 1389 2378 perspicere„

181 2379 274 2463 quam
302 2381 424 2445 solidam
447 2380 565 2443 laudern
587 2380 718 2462 adipisci,
743 2379 774 2445 dr
796 2379 950 2462 ingenium
971 2377 1109 2442 excolere
1131 2377 1197 2442 aliis
1216 2380 1389 2466 rationibus}

180 2488 275 2614 pullam
287 2487 361 2567 quas
381 2463 535 2613 ll‘aeslb&
546 2464 677 2565 Ὲζοιιιιιιί
692 2465 779 2612 pobis
795 2463 1063 2613 praerstcripgerpnpj
1084 2453 1255 2615 Simo&
1270 2464 1389 2548 propnitl

179 2571 753 2722 ,ili{1÷;¹¹rsl¹2alli,⁰{2:t¹llf¹²<lt
767 2570 1207 2719 surellnmirllnlm,
1228 2569 1376 2726 ὲιὲἶιὲ

180 2741 220 2783 co
243 2723 317 2798 niti,
339 2744 401 2787 non
421 2723 473 2786 abs
494 2743 526 2785 re
539 2722 608 2797 erit,
628 2741 679 2787 eos
703 2720 792 2784 semel
816 2718 847 2783 dr
870 2717 955 2784 simul
977 2734 1063 2785 tanto
1086 2742 1189 2785 errore
1200 2723 1331 2798 liberare,
1350 2733 1376 2780 ut

181 2745 248 2886 iplla
272 2809 369 2889 palam
393 2806 459 2884 liat,
481 2809 520 2883 se,
541 2807 613 2870 dum
628 2808 725 2871 nimio
740 2807 771 2871 in
791 2807 871 2869 hanc
891 2820 1010 2870 aetatem
1025 2804 1121 2870 studio
1140 2806 1293 2871 transversi
1311 2805 1375 2884 rapi·

179 2908 285 2969 untur,
306 2895 370 2977 ejus
392 2896 480 2956 samar
501 2892 579 2975 apud
607 2892 738 2974 posteros
760 2892 958 2977 gravissimum
982 2890 1091 2955 vulnus
1114 2892 1316 2974 imprudenter
1333 2892 1373 2951 in·

179 2975 290 3061 lligere.
336 2976 500 3058 Quodnam
516 2978 595 3042 enim
611 2979 774 3062 excogitari
788 2976 882 3059 potest
901 2977 1009 3041 clarius
1024 2994 1235 3063 argumentum
1251 2979 1287 3042 ad
1300 2972 1371 3040 setall

179 3062 308 3146 cujusvis
341 3064 349 3124 i
374 3064 553 3139 rorantium,
587 3081 641 3126 aut
673 3063 773 3147 potius
798 3062 964 3126 barbariem
987 3060 1266 3142 demonstrandum,
1297 3080 1372 3143 quau

179 3149 262 3229 quod
279 3147 318 3210 ibi
333 3085 481 3211 blomerus
503 3150 604 3212 audiat
624 3150 754 3231 ineptus,
783 3144 925 3246 l'lato'ad
940 3146 1089 3251 sallidium
1126 3147 1252 3228 rolixus,
1274 3142 1375 3224 Aristu-

178 3231 252 3303 teles
278 3254 379 3312 parum
404 3234 523 3308 doetus,
544 3231 762 3297 Demosthenes
787 3231 817 3296 dr
840 3230 952 3297 Cicero
966 3256 982 3296 e
997 3250 1086 3297 tnvro
1139 3236 1292 3312 ratotculr,
1311 3229 1375 3294 vr·

59 3389 61 3393 .
179 3314 269 3400 gilius
282 3316 372 3380 Po'e'ta
384 3320 474 3382 nullis
488 3320 603 3404 gratiis,
619 3319 703 3383 nullo
717 3334 838 3393 ornatu,
861 3315 1005 3382 Horatius
1020 3318 1153 3401 denique
1174 3319 1268 3394 rudit,
1289 3315 1376 3382 bumi-

178 3401 228 3478 lis,
250 3403 278 3466 dr
298 3402 359 3466 stne
373 3402 493 3467 nervis?
518 3403 656 3468 Barbarae
676 3403 734 3467 illae
756 3417 871 3489 genter,
893 3424 963 3485 quae
984 3400 1141 3468 Graeciam
1156 3401 1186 3466 dr
1201 3403 1318 3469 ltaliam
1330 3421 1375 3483 pu·

178 3488 329 3568 pulantes,
351 3505 436 3552 tanto
449 3491 547 3553 furore
563 3488 777 3576 grassabantur,
799 3487 870 3571 quid
896 3510 1031 3572 unquam
1046 3489 1079 3552 in
1093 3487 1229 3552 delendis
1251 3488 1377 3573 pulcher-

178 3573 261 3635 rimis
274 3571 636 3639 vetuslarismonumentis
650 3577 755 3638 tetrius
770 3570 830 3636 ausi
844 3571 912 3637 sunt
926 3570 937 3635 l
961 3572 1046 3655 Quid
1068 3576 1164 3660 magis
1187 3565 1376 3638 horrendius
1386 3615 1388 3666 ἰ

178 3654 295 3720 Verum
318 3660 379 3741 spes
402 3658 443 3722 tst
466 3682 526 3723 non
549 3663 605 3725 toti
627 3660 725 3723 seculo
747 3660 928 3743 imputatum
950 3661 986 3724 iri
1010 3660 1203 3743 quorundam
1222 3657 1378 3743 perversu

172 3741 334 3829 judicium,
358 3764 413 3806 nec
430 3746 573 3828 Antiquis
589 3747 685 3810 fraudi
700 3747 773 3808 sore.

222 3826 342 3891 Frustra
357 3827 521 3909 Imperator
537 3831 587 3893 ille
598 3852 679 3894 arma
693 3832 725 3893 in
740 3830 920 3910 Homerum,
941 3828 1120 3916 Virgilium,
1141 3828 1254 3893 Titum
1269 3825 1380 3893 Lirin

176 3914 290 3976 movit:
316 3913 460 3978 lncallurn
476 3916 609 3979 cecidere
624 3918 700 3979 tanti
719 3934 865 3980 conatus:
890 3915 1002 3981 bellurn
1018 3916 1233 3980 absolutiffinn
1251 3915 1380 3999 operibat

175 3999 324 4063 indidtum
335 4002 408 4083 quid
424 3999 501 4070 aliud
514 4003 588 4087 egit,
600 3999 698 4064 niliad
715 4023 874 4065 numerum
894 4002 1073 4084 ineptiarum
1091 3999 1379 4085 acceffit,quolaba·

174 4099 221 4149 rat
235 4084 322 4169 ipsius
334 4083 466 4166 historia,
476 4086 766 4171 cumulatioremque
776 4085 829 4174 ipsr
840 4088 983 4154 inuidiam
994 4087 1073 4171 apud
1082 4084 1215 4171 posteros
1225 4077 1378 4150 consarirl

1160 4256 1208 4345 Q
1222 4253 1377 4321 Ηοιιιτιι
