2834 4817
919 2149 1328 2220 Mutationes
1357 2144 1673 2244 subierit.

255 2388 592 2458 ORATII
642 2387 867 2456 Satires
907 2390 1144 2456 duobus
1189 2387 1393 2455 Libris
1449 2392 1928 2476 comprehensas,
1987 2413 2156 2457 nunc
2203 2389 2502 2472 Sermones,

302 2501 468 2544 nunc
524 2476 772 2555 Satira,
836 2477 1010 2541 nullo
1058 2478 1395 2541 discrimine
1447 2475 1766 2561 app'ellavit
1820 2479 1976 2560 ipse:
2045 2478 2255 2544 verum
2310 2497 2508 2562 quum

93 2566 240 2646 Ideas
291 2565 487 2663 modis
556 2561 1269 2663 quibusdam-distindtas
1334 2564 1562 2626 animo·
1601 2565 2028 2664 repra-sentent
2065 2586 2137 2628 ea
2186 2564 2505 2643 vocabula,

91 2648 1117 2817 5553.53233¹⁰22p2²3¹31'⁵13‡?3222
1140 2644 2507 2817 affieffissfiss‘ffl's'assifflffaffissfssssssssoifl}

93 2821 151 2884 in
176 2844 251 2888 eo
279 2822 536 2885 feiiciter
564 2841 804 2903 operam
832 2820 1045 2902 posuit,
1089 2833 1156 2882 ut
1185 2819 1611 2884 demonstraret
1635 2842 1776 2904 quae
1803 2821 1865 2881 δι
1889 2821 2081 2902 qualis
2125 2819 2265 2885 effiet
2304 2820 2506 2887 Ροὲίὶε

93 2902 357 2995 διεγείρει
386 2904 776 2980 Graecorum,
820 2925 956 2986 quae
999 2903 1184 2966 Satira
1212 2903 1651 2970 Romanorum.
1743 2903 1847 2967 Est
1896 2906 1996 2969 ille
2028 2903 2179 2971 liber
2205 2907 2515 2990 quantivis

92 2996 254 3074 pretii
283 3014 301 3055 ε
352 3013 463 3055 nec
493 2993 747 3054 diffiteor
776 3012 871 3052 me
901 2990 1041 3051 inde
1070 2989 1393 3071 plurimum
1425 2992 1698 3076 adjutum
1730 2988 1909 3053 fuifl'e.

168 3077 293 3143 Hic
320 3080 485 3139 enim
519 3076 599 3137 est
627 3074 883 3150 fruetus,
928 3096 1109 3159 quem
1140 3094 1219 3138 ex
1251 3076 1678 3140 excellentium
1727 3077 1988 3139 virorum
2028 3077 2332 3142 laboribus
2363 3098 2504 3160 per-

91 3164 280 3246 cipere
327 3160 656 3226 debemus:
705 3161 808 3246 qui
846 3160 981 3224 ideo
1031 3160 1203 3223 nobis
1247 3162 1634 3242 praeiverunt,
1683 3178 1754 3226 ut
1798 3162 1860 3223 in
1911 3160 2506 3246 spiffisantiquitatis

91 3251 344 3312 tenebris
395 3250 590 3312 facem
639 3246 1096 3311 succedentibus
1147 3246 1514 3328 praeferrent.
1605 3246 1756 3310 Non
1809 3262 2012 3311 tamen
2060 3249 2124 3312 in
2181 3250 2505 3329 superiores

88 3334 166 3411 ita
193 3332 358 3399 oculi
381 3330 707 3419 defige-ndi,
752 3346 820 3396 ut
842 3334 1089 3413 propriis
1117 3333 1295 3396 etiam
1327 3334 1608 3418 greffibus
1635 3354 1760 3396 non
1783 3334 2197 3398 attendamus:
2248 3355 2346 3416 per
2368 3334 2500 3397 illas

91 3419 243 3484 enim
275 3419 572 3484 incedunt
600 3416 923 3500 aliquando
946 3418 1201 3493 semitas,
1246 3418 1307 3479 in
1337 3420 1560 3500 quibus
1587 3440 1710 3480 non
1738 3433 1933 3481 tutum
1957 3416 2028 3481 fit
2053 3440 2157 3482 eos
2188 3419 2390 3502 sequi:
2438 3418 2501 3482 id

89 3506 239 3586 quod
263 3505 325 3570 δε
350 3526 471 3590 ego
512 3506 615 3569 hic
654 3504 810 3581 cavi,
853 3502 1006 3586 saepe
1044 3504 1169 3565 vias
1211 3524 1424 3585 parurn
1471 3503 1636 3566 tritas
1684 3504 1946 3581 secutus,
1992 3519 2064 3567 ut
2104 3505 2170 3567 in
2200 3502 2502 3589 progrefl'u

158 3592 330 3653 tebit.

91 3609 273 3738 1³¹¹Est
289 3668 511 3739 'autem
542 3671 735 3738 Satira
754 3673 1025 3758 quaedam
1055 3669 1305 3738 Poeseos
1347 3674 1568 3753 species
1598 3673 1727 3745 aliis
1757 3670 1945 3758 quarn
1984 3672 2280 3737 Romanis
2328 3693 2502 3757 pror·

86 3757 175 3822 sus
212 3762 547 3845 incognita,
591 3779 707 3823 nec
742 3758 862 3823 ulla
886 3780 1023 3822 cum
1055 3757 1325 3845 satyrica
1353 3757 1723 3823 Graeeorum
1761 3757 1919 3842 poesi
1954 3761 2317 3845 cognatione
2346 3779 2504 3821 con-

78 3843 314 3928 jmffl,
362 3868 505 3931 quae
549 3860 753 3909 tamen
809 3845 1184 3929 quorundam
1237 3844 1551 3909 doetomm
1599 3845 1807 3928 opinio
1853 3844 1985 3907 fuit.
2073 3841 2500 3926 Qintilianus

84 3949 322 3994 omnem
345 3932 785 3997 dubitationem
828 3925 1009 4008 tollit,
1053 3952 1197 3994 cum
1219 3931 1417 3994 scribit
1446 3929 1584 3993 Lib.
1615 3950 1669 3993 ι.
1701 3952 1834 4012 cap.
1870 3949 1970 3994 ιο.
2060 3929 2257 3993 Satira
2289 3929 2501 4010 quidem

83 4026 192 4103 my
219 4018 402 4101 nostra
426 4018 521 4099 est.
608 4014 758 4079 Inde
784 4016 867 4081 est
894 4016 1053 4101 quod
1078 4015 1366 4080 Horatius
1394 4014 1520 4079 Sat.
1557 4033 1656 4080 10.
1689 4014 1826 4079 Lib.
1866 4036 1918 4079 ι.
1951 4035 2070 4077 ver.
2099 4014 2202 4079 66.
2280 4012 2503 4089 Graecis

82 4097 342 4167 imam
366 4125 585 4167 carmen
610 4102 859 4165 dixerat.

163 4182 333 4251 Ecce
372 4188 495 4252 tibi
538 4208 886 4275 germanam
942 4188 1126 4273 hujus
1173 4186 1340 4251 vocis
1395 4183 1892 4271 Etymologiam:
1964 4180 2170 4246 Latini
2229 4177 2504 4256 Saturum

84 4269 442 4364 usurpabant
481 4294 596 4359 pro
634 4272 817 4360 pleno,
860 4273 959 4340 cui
1008 4274 1080 4340 ad
1127 4272 1561 4358 perfefflonem
1608 4271 1762 4338 nihil
1806 4264 2061 4333 deess‘et:
2126 4265 2274 4334 hinc
2320 4258 2505 4419 80:13:

223 4374 234 4385 .
487 4375 499 4387 .
644 4382 650 4388 .
2363 4372 2394 4415 c
2494 4409 2500 4413 Δ
