2834 4817
35 297 37 372 ξ
77 241 122 299 ’·
219 237 434 377 *iorni
460 290 521 364 nt
559 290 750 414 mrsu
787 241 1050 393 noasstt.

35 515 37 548 Ι
116 445 229 536 scriptun
240 448 429 538 Quaestnium
441 454 638 538 comparavit]
660 453 742 540 Lege
753 456 901 522 scribitum
914 478 966 539 pro
981 458 1146 542 scribarum.
1158 459 1235 524 Vide

34 567 36 642 p
84 531 160 606 Nous
170 533 267 600 nostras
281 545 317 600 ad
334 562 361 599 ν.
375 542 427 624 36,
448 539 556 642 Satqb.
573 538 642 606 Lib.
659 539 699 606 ΙΙ.
1215 617 1217 622 J

216 682 261 745 De
275 707 305 744 re
318 685 447 747 communi
451 684 553 769 scriba
567 685 665 774 magnei
675 701 758 771 utque
770 687 843 751 nond
855 703 880 749 te

215 767 341 832 Orabam
353 771 429 834 hodie
441 772 606 857 meminiffls,
626 770 747 858 Quinte,
768 774 882 838 reverti.

82 911 207 993 essequod
219 914 314 978 scribit
330 914 398 978 Liv.
415 936 478 997 cap.
494 921 545 998 46.
563 916 631 981 Lib.
648 916 705 980 IX.
716 918 746 988 bt
757 916 797 980 A.
811 917 891 990 Geli.
908 941 971 1001 cap.
988 938 1019 1003 9.
1035 916 1104 982 Lib.
1120 915 1177 979 VI.

116 994 224 1079 Arpini
236 999 460 1064 Maecmati—-in
478 1004 601 1082 gratiam
624 1002 802 1086 immaurus]
827 1000 956 1067 Haes’ita
970 1001 1135 1076 narrantur,
1157 989 1237 1084 quasi

85 1079 189 1146 Horatius
201 1108 259 1150 non
275 1089 435 1150 innotuerit
448 1086 623 1165 Maecenati,
646 1089 697 1152 nist
711 1088 774 1172 post
789 1090 972 1172 impetratam
986 1109 1107 1158 nemum
1121 1089 1157 1149 ab
1169 1089 1236 1148 Am

84 1166 146 1249 piso
157 1175 271 1248 reniam,
294 1174 539 1254 &comparatum
565 1174 718 1236 scribarum
735 1173 944 1260 Qnaestorium.
983 1176 1027 1238 At
1042 1173 1114 1235 istud
1132 1173 1237 1234 Sueto-

84 1255 268 1338 nonunquam
292 1258 449 1322 excidisset.
497 1256 664 1321 Mecenate
685 1261 764 1322 enim
791 1260 974 1340 deprecante,
1003 1259 1100 1321 Caesar
1125 1255 1239 1341 ignovit
1281 1281 1285 1292 =

83 1335 187 1414 Horatio,
207 1344 293 1426 eique
315 1344 393 1404 bona
407 1341 556 1406 suo‘Fisco
574 1343 688 1406 addisia
702 1344 830 1407 reddidit.
875 1345 1031 1410 Suetonius
1046 1345 1102 1406 hoc
1120 1344 1188 1405 loco
1202 1341 1240 1404 de

79 1441 224 1504 intempore
244 1430 385 1511 loquitur,
408 1451 467 1510 quo
481 1430 577 1510 coepit
598 1428 751 1492 Maecenas
767 1428 926 1492 Horatium
949 1430 1051 1492 habere
1071 1432 1100 1494 in
1116 1447 1240 1490 numero

79 1505 218 1603 bmiiiarum
243 1518 372 1588 suorum,
395 1536 524 1597 quocum
547 1514 665 1612 negotia
688 1514 737 1578 sua
757 1517 1009 1592 communicaret,
1042 1535 1188 1598 quemque
1208 1513 1238 1574 in

78 1607 125 1653 otro
134 1594 175 1657 suo
183 1598 346 1682 jucundum
360 1601 507 1661 adhiberet
522 1615 673 1663 comitem.

109 1675 187 1774 sainte
207 1708 245 1746 me
270 1684 365 1747 videas
376 1684 587 1770 strigostormq
610 1684 685 1762 Non
709 1684 805 1767 piacet
826 1682 876 1748 ista
899 1683 997 1749 lessio.
1042 1681 1241 1745 Proculdubio

77 1759 192 1844 stnpstrat
205 1768 371 1845 Maecenas,
395 1770 490 1835 Ninm
513 1789 553 1832 me
566 1769 855 1869 videasstrigofiorem
876 1792 1000 1852 eamque
1020 1768 1175 1831 lessionem
1196 1769 1240 1829 se·

77 1862 144 1910 cutus
156 1851 191 1914 est
203 1854 382 1933 dostiffimus
398 1856 523 1919 Vossius.
568 1852 639 1922 Fuit
661 1858 697 1918 tis
716 1857 896 1935 temporibus
915 1853 992 1920 Nin.
1016 1853 1132 1924 Crassus
1153 1859 1240 1935 poeta

76 1935 159 2014 quotis
169 1941 282 2019 pumice
296 1940 413 2018 aridior,
434 1961 559 2023 eamque
573 1941 611 2001 ob
625 1941 739 2003 causam
752 1940 906 2003 istiusmodi
926 1939 1067 2003 conviciis
1081 1938 1238 2001 obnoxius.

106 2017 237 2106 amm]
262 2022 377 2089 Graece
392 2033 488 2100 impar,
511 2022 626 2105 proprie
641 2025 785 2108 significat
805 2027 934 2100 titulum,
956 2026 1076 2100 lemma,
1091 2025 1240 2103 praefatio·

74 2110 293 2249 prptconcisam,
323 2105 511 2184 breviarium,
533 2130 595 2194 quo
614 2112 692 2196 quis,
725 2114 795 2195 quid
822 2110 873 2175 sibi
902 2110 983 2187 velit,
1017 2108 1119 2192 paucis
1144 2108 1240 2169 verbis

118 2207 151 2254 et.
564 2201 569 2209 “

106 2272 176 2340 Nunc
185 2272 389 2366 utmatiffmmr
402 2281 437 2342 (5
451 2278 604 2362 infirmus]
621 2278 745 2345 Infirmas
758 2280 922 2345 valetudine
938 2282 1074 2343 utebatur
1089 2276 1242 2363 Augustus

77 2364 140 2423 omni
158 2379 293 2447 tempore,
314 2364 377 2448 post
390 2381 486 2427 autem
502 2365 610 2426 beilum
626 2365 830 2448 Hispanicum,
852 2368 999 2450 impendio
1012 2367 1107 2450 magis
1128 2364 1242 2449 graves-

78 2452 299 2598 tttecaepitmtpus
318 2451 463 2513 valetudo.
510 2449 576 2513 Post
600 2450 672 2513 istud
695 2454 785 2535 igitur
806 2451 915 2514 bellurn
938 2450 1049 2514 constat
1073 2471 1142 2512 eum
1164 2451 1241 2510 hanc

77 2530 195 2684 {iim
227 2539 233 2548 '
276 2533 478 2600 Maecenatem
500 2534 643 2619 scripsisse,
663 2535 997 2619 Horatioqueobtulisse
1012 2554 1120 2599 munus
1133 2534 1242 2617 episto·

116 2639 168 2681 um.
549 2665 554 2672 .
611 2663 616 2670 -

107 2700 142 2764 As
163 2704 209 2790 isd
230 2705 381 2793 parassticd
408 2705 523 2795 messii]
554 2704 697 2772 Horatius
724 2709 803 2772 enim
830 2730 890 2772 non
917 2724 979 2769 erat
1003 2728 1040 2770 ex
1066 2703 1244 2767 Maecenatis

77 2785 223 2868 dometicis,
244 2814 343 2876 neque
368 2792 453 2855 uilius
466 2793 602 2856 ordinarii
622 2794 713 2857 officii
729 2795 818 2855 causai
832 2793 906 2876 apud
922 2815 990 2855 eum
1004 2791 1143 2863 hlaerebat,
1160 2791 1241 2851 ideo-

76 2891 121 3016 que
129 2896 187 2939 eum
201 2875 246 2976 bic
260 2878 363 2941 irridet
378 2877 526 2964 Augustus
539 2895 572 2944 ut
585 2877 762 2944 Maecenatis
775 2879 941 2961 parasitum,
964 2876 1044 2961 quast
1057 2876 1084 2939 ei
1099 2874 1167 2939 effer
1177 2876 1243 2944 assi·

93 2980 212 3024 uuscov

110 2984 195 3109 screu
207 2985 343 3148 iiisqnn·
366 3048 471 3148 quidem
489 3064 550 3149 'aar
562 3048 715 3197 sincipitis
741 3051 892 3135 quitquam,
927 3021 986 3147 aut·
999 3046 1149 3113 amicitiam
1160 3044 1245 3146 [urm

71 3124 333 3282 sss‘s‘ssss
347 3132 935 3307 i?,sssssi²5ssssssss‘..ss⁰?
949 3134 1243 3305 ssssssfiiss'sst

77 3294 181 3365 bibendae
193 3305 284 3368 fateor
300 3326 361 3367 non
376 3304 428 3368 nifi
446 3308 595 3372 rarissimas
611 3307 645 3370 iis
660 3309 789 3387 praebere
802 3305 978 3369 occasiones
1024 3305 1110 3370 Adeo
1126 3303 1156 3364 in
1168 3323 1243 3382 pau·

79 3399 115 3443 tot
126 3387 256 3465 incidunt,
276 3392 329 3474 qui
344 3391 443 3454 officia
455 3391 551 3472 ampla
565 3392 594 3453 it
608 3394 733 3454 honores
749 3391 825 3455 ultro
839 3391 888 3455 fibi
904 3392 1017 3454 oblatos
1032 3389 1201 3451 dctrecient.

108 3465 137 3530 Si
151 3489 197 3557 per
212 3474 396 3540 valetudinem
418 3491 495 3540 tuom
509 3477 579 3563 fieri
596 3477 705 3563 poffit]
728 3476 863 3540 indicant
884 3479 946 3540 haec
972 3477 1059 3537 verba
1074 3473 1245 3546 Horatium,

78 3554 219 3623 vdetudinis
239 3561 299 3625 suae
317 3561 502 3624 excusatione
516 3562 597 3625 ilium
610 3566 751 3625 honorem
769 3561 819 3626 stbi
834 3563 870 3625 ab
895 3559 1029 3645 Augusto
1042 3560 1174 3621 oblatum
1197 3579 1243 3619 re-

77 3640 166 3706 cusasse.
197 3643 266 3727 Jam
280 3648 361 3712 enim
372 3647 571 3723 consenuerat,
594 3648 769 3710 undeetiam
789 3650 917 3731 sequimr
930 3650 986 3710 hoc
996 3648 1022 3709 ei
1037 3667 1098 3709 non
1112 3645 1244 3708 oblatum

79 3723 139 3789 bisse
151 3746 213 3792 ante
231 3735 343 3797 bellum
359 3732 565 3816 Hispanicum,
587 3751 619 3798 ut
630 3735 711 3814 supra
725 3735 793 3804 dixi.
828 3788 834 3806 ,

109 3807 250 3900 septimic]
265 3819 350 3883 Idem
364 3816 406 3881 est
420 3816 589 3901 Septimius,
604 3842 692 3903 quern
714 3819 872 3903 alloquitur
890 3817 964 3881 Hor.
988 3815 1051 3882 Od.
1068 3819 1098 3878 b.
1118 3811 1184 3880 Lib.
1200 3811 1243 3876 H.

79 3901 250 3975 quartandas
265 3904 323 3985 Ep.
339 3922 368 3987 3.
384 3901 452 3966 Lib.
467 3903 491 3968 1.
507 3926 655 3987 quemque
671 3904 796 3966 Tiberio
811 3898 998 3966 commendat
1014 3901 1070 3984 Ep.
1088 3922 1117 3984 9.
1135 3902 1203 3963 Lib.
1220 3898 1244 3961 Ι.

109 3981 205 4069 Uterque
224 4003 249 4051 et
268 3988 359 4053 asserti
380 3987 543 4060 siberadtare
558 3989 759 4073 sitiphim]
782 3988 867 4052 Nihil
889 3990 1050 4072 quicquam
1068 3987 1189 4050 memini
1209 3984 1246 4045 ab

78 4061 179 4133 Hunno
190 4073 302 4137 dissum
316 4075 352 4137 de
368 4075 492 4160 Augusti
509 4075 537 4138 in
553 4079 580 4139 se
594 4074 777 4152 iiberalitate,
798 4076 991 4156 quodtamen
1015 4073 1160 4136 silentium
1184 4091 1245 4131 non

77 4148 150 4215 diab
161 4158 271 4246 ingrato
284 4162 385 4224 animo
397 4161 571 4243 professum.
616 4159 719 4223 Nemo
741 4162 860 4244 inquam
880 4162 935 4224 suit
952 4162 1097 4242 princeps,
1120 4158 1170 4238 qui
1189 4157 1249 4230 ali·

76 4239 164 4315 qubus
185 4263 243 4308 oon
266 4246 454 4322 benefecerit,
475 4248 559 4329 pauci
572 4245 673 4308 autem
687 4246 803 4308 suerunt
821 4246 944 4331 Augusti
965 4244 1082 4328 similes,
1104 4244 1154 4323 qui
1177 4249 1253 4305 om.

78 4321 146 4394 sthur
159 4326 210 4391 suis
222 4331 355 4418 subjeffls
369 4332 521 4397 benefecit.
566 4331 715 4415 Quorsum
731 4333 820 4416 igitur
834 4355 887 4413 pro
903 4331 992 4412 seipso
1010 4330 1123 4412 seorsim
1139 4333 1249 4410 gratias

79 4425 171 4514 ῑξῑῐεῐ,
188 4436 279 4501 quum
302 4411 391 4484 essent
414 4440 468 4502 pro
486 4434 551 4483 toto
568 4417 679 4481 mundo
693 4421 795 4586 qratia
818 4407 962 4507 agendae?
988 4415 1059 4486 Sola¹
1077 4429 1175 4480 aurens
1193 4418 1248 4476 bu-

1143 4499 1253 4585 jusmoi

583 4507 671 4591 (²3
