2834 4817
212 207 510 289 haesuri
552 209 941 289 usurario.
1040 263 1043 268 »
1119 205 1189 317 '351

32 356 246 421 instruendorum
276 358 425 421 rationem
447 356 625 433 videremus,
660 355 837 437 dedissetque
865 359 952 422 nobis
978 358 1088 422 librum
1111 361 1194 427 horis

33 467 39 506 1
57 442 153 506 schola
165 444 308 519 fallendis,
331 465 395 505 non
417 443 524 504 animis
539 445 574 506 ad
590 444 730 504 virtutem
753 443 926 505 formandis.
969 441 1091 507 Prorsus
1112 449 1193 511 aliud

33 531 55 590 bi
80 530 108 592 iu
136 533 190 593 hoc
219 551 307 611 opere
329 529 516 611 proposuerat
546 527 648 590 Po'e'ta.
691 526 837 612 Namque
862 525 932 591 finis
961 531 1121 593 uerborum
1151 532 1195 596 est

32 612 86 690 uio,
104 616 181 700 cujus
193 617 282 679 etiam
297 613 392 698 gratis
409 616 498 676 verba
512 614 571 696 ipsa
594 615 717 677 suerunt
731 629 855 696 reperta,
876 637 945 696 quae
965 613 1020 678 nist
1044 615 1131 680 illum
1146 621 1194 681 as-

32 717 149 781 quantur
156 698 256 776 finem,
272 699 345 785 nihil
355 698 409 763 nisi
422 698 522 763 sutiles
533 698 616 782 sons:
639 721 724 764 aures
736 700 858 782 quidem
872 699 995 776 feriunt,
1008 702 1044 763 ad
1057 704 1195 769 animum

32 785 70 846 erb
82 807 134 849 noa
147 788 304 868 pertinent.

47 868 148 934 Docere
161 893 214 935 nos
228 871 325 936 voluit
337 867 480 934 Horatius
494 869 526 933 in
539 869 586 933 bis
601 866 717 946 Satiris,
732 887 837 935 contra
851 870 1037 935 vitia'nostra
1050 873 1192 953 militare,

32 951 114 1017 sessus
131 974 302 1038 temperare,
324 970 461 1021 naturam
483 958 514 1019 in
530 956 738 1039 cupiditatibus
759 957 947 1021 moderandis
968 957 1078 1025 ducem
1097 961 1192 1042 sequi,

32 1059 100 1102 erunt
116 1042 132 1106 ai
147 1042 229 1119 salso,
252 1042 282 1107 δι
304 1043 320 1104 ai
339 1042 425 1105 rebus
448 1040 513 1125 ipsas
536 1061 633 1104 rerum
655 1042 765 1121 species
787 1043 961 1119 discernere,
983 1047 1206 1133 praejudicatas

32 1125 106 1189 mere
131 1129 282 1211 opiniones
315 1128 452 1212 abjicere,
483 1127 629 1208 principia
658 1126 688 1191 δι
718 1128 818 1190 causas
847 1128 1000 1192 aslionum
1027 1129 1194 1195 nostrarum

33 1210 148 1292 erspeslas
166 1215 288 1289 babere,
309 1213 462 1276 ridiculam
483 1213 611 1295 denique
634 1232 740 1274 eorum
763 1212 958 1297 pertinaciam
980 1216 1102 1291 evitare,
1125 1218 1193 1300 qui,

32 1295 309 1384 ,uibusimagistellis
323 1298 380 1360 suis
401 1296 593 1379 opinionibus
617 1297 724 1359 imbuti
747 1300 821 1361 olim
835 1299 967 1376 suerunt,
989 1300 1025 1361 iis
1046 1300 1193 1366 obstinat&

32 1381 152 1458 thanat,
180 1383 266 1448 nulla*
292 1384 395 1446 habital
423 1386 538 1445 ratione
563 1382 634 1465 quib
658 1402 672 1443 s
696 1383 865 1446 innitantur
885 1385 1106 1450 fundamentis:
1130 1409 1195 1450 uno

33 1467 104 1541 erbo,
121 1471 148 1532 in
161 1491 196 1532 eo
207 1469 386 1542 elaboravit,
408 1482 443 1531 ut
458 1488 513 1530 nos
526 1468 613 1532 nobis
628 1406 742 1542 illices,
757 1470 861 1532 amicis
871 1469 1023 1554 jucundos
1036 1470 1066 1533 dt
1081 1470 1195 1549 fideles,

32 1552 131 1616 mnibus
142 1554 315 1638 quibuscum
330 1554 471 1629 vivimus,
485 1553 673 1628 commodos,
688 1553 787 1628 utiles,
803 1554 993 1640 &benignos
1002 1555 1163 1638 praestaret.

43 1632 217 1720 -Iaterpretari
232 1639 375 1703 Ausloris
400 1643 499 1714 verba,
523 1640 554 1700 in
579 1637 697 1720 Figaras
718 1638 846 1723 digitum
860 1640 1025 1716 intendere,
1048 1638 1192 1707 Ledlores

33 1725 191 1788 notationis
204 1725 351 1788 involutae
373 1724 569 1811 labyrinthos,
591 1739 644 1785 aut
659 1725 863 1803 parentheseos
888 1726 1019 1788 obscurae
1040 1730 1191 1804 tenebras,

36 1825 111 1884 urere,
131 1811 191 1872 haec
212 1813 317 1873 omnia
339 1810 412 1872 nihil
437 1809 578 1873 eximium
602 1809 727 1885 babent,
749 1830 805 1871 nec
826 1825 860 1871 ut
883 1810 1018 1893 loquitur
1036 1811 1191 1894 Epictetus,
1252 1877 1255 1894 ,

37 1891 149 1974 uidquam
176 1896 293 1976 pulchri
319 1915 369 1958 aut
390 1896 518 1976 sapiente
538 1896 676 1979 dignum.
714 1894 779 1958 :Ad
805 1897 862 1956 hoc
885 1896 971 1957 nobis
994 1899 1192 1961 annitendum

33 1972 65 2048 ¹¹3
83 1980 133 2041 hoc
154 2003 224 2063 opus
247 1979 381 2043 nostrum
406 1979 448 2042 est
471 1981 656 2062 palmarium,
677 1980 763 2042 usum
786 1980 815 2043 δι
836 1981 964 2042 rationes
984 1982 1095 2054 ¹horum
1114 2003 1192 2065 prae-

33 2079 143 2137 eptorunt
164 2065 328 2143 ostendere,
359 2066 519 2147 eademque
544 2064 779 2140 austeritatibus,
802 2065 918 2140 fulcire,
940 2081 975 2128 ut
999 2067 1094 2146 palam
1108 2090 1191 2152 ⁸orn-

32 2147 87 2209 ubus
99 2148 156 2227 siat,
176 2174 226 2214 eos
250 2153 303 2233 qui
328 2172 425 2213 mores
448 2154 514 2213 suos
533 2153 567 2212 ad
592 2153 650 2214 hoc
671 2150 801 2214 seculum
821 2161 1000 2230 componere
1021 2154 1192 2236 negligunt,

32 2232 81 2293 aria
92 2234 177 2299 sarcre
191 2238 326 2321 agrotis,
347 2239 397 2318 qui
412 2236 515 2312 libros,
538 2238 587 2297 ubi
603 2238 731 2298 remedia
748 2236 860 2299 morbis
881 2237 938 2300 suis
952 2235 1193 2318 praescribuntur,

32 2329 240 2398 egereconrenti,
256 2320 373 2382 Medici
384 2322 506 2384 consilio
518 2337 635 2384 tautum
647 2322 726 2384 abest
737 2338 770 2384 ut
782 2335 914 2406 utantur,
930 2338 964 2385 ut
975 2321 1194 2408 ne·intelligant

32 2404 371 2491 quidemejusutilitatem.
475 2459 478 2464 .
692 2429 696 2436 ·
962 2433 969 2447 ·
1077 2425 1080 2456 ³

52 2485 114 2551 Non
126 2494 201 2571 quod
217 2515 275 2578 ego
291 2494 322 2554 in
337 2494 556 2572 commentariis
573 2495 648 2556 meis
671 2496 833 2578 quicquam
849 2491 1061 2556 sciens-rolens
1073 2508 1193 2572 prater·

32 2571 131 2649 riserim,
152 2581 227 2659 quod
250 2580 287 2640 ad
313 2575 512 2640 Grammatici
538 2580 670 2641 officiunt
692 2585 846 2660 pertineat
892 2578 985 2660 Spero
1010 2578 1040 2639 id
1060 2579 1193 2640 sensuros

33 2653 61 2715 sle
73 2654 211 2737 Leslorrs,
235 2684 333 2745 neque
344 2665 406 2748 jam
423 2664 512 2725 ullam
529 2666 743 2745 supersuturam
767 2668 798 2726 in
811 2666 912 2727 'verbis
931 2662 1049 2724 Horatii
1064 2663 1192 2725 difficul-

32 2756 107 2805 atem:
129 2749 204 2810 acin
220 2749 301 2809 hanc
316 2770 416 2811 curant
432 2753 579 2832 praecipue
595 2751 731 2822 incubui,
747 2765 780 2811 ut
794 2763 981 2834 argumenta,
996 2769 1064 2829 quse
1074 2748 1193 2820 tradat,

32 2824 180 2908 ilussratem3
205 2835 368 2908 rationum,
391 2855 465 2916 quas
479 2836 610 2910 adhibet,
625 2836 812 2908 soliditatem,
827 2835 1035 2918 indigitarem3
1054 2846 1087 2895 ut
1101 2854 1193 2912 expe·

34 2911 89 2974 iren
101 2917 238 2982 circuitus
253 2919 283 2981 δι
295 2922 444 3003 ambages,
468 2942 519 3000 per
532 2941 603 3003 quas
619 2942 838 3001 nonnunquam
853 2919 965 2982 incedit
978 2917 1014 2977 ad
1027 2918 1134 2998 placita
1145 2918 1195 2978 sua

33 2995 202 3079 onsirrnanda,
233 3003 264 3065 sc
289 3009 323 3065 ad
346 3008 492 3084 contraria
512 3009 678 3078 refutanda,
713 3006 758 3067 vel
784 3005 948 3070 eludenda:
985 3021 1019 3063 ut
1040 3004 1195 3063 veritatem

33 3075 172 3150 sessionum
195 3089 285 3170 ipsius
312 3088 490 3165 stabilircm3
524 3107 557 3154 ut
581 3092 727 3152 vafritiem
746 3089 821 3174 ejus,
845 3089 897 3152 ubi
922 3084 1003 3170 quasi
1024 3107 1062 3146 ex
1085 3085 1194 3161 insidiis
1215 3139 1218 3146 ⁴

33 3165 73 3244 tit,
98 3193 161 3252 quae
184 3173 346 3236 Lestorem
372 3176 539 3256 imperitum
564 3175 649 3238 sacili}
674 3176 781 3258 fugiat,
812 3175 907 3238 oculis
932 3191 1135 3252 exponerem3
1162 3187 1197 3238 ut

33 3252 122 3335 tuique
136 3258 163 3319 in
179 3261 313 3339 apricum
331 3262 488 3340 proferrent
509 3262 667 3323 ridiculum
692 3261 780 3334 illud,
802 3261 884 3342 quod
909 3259 943 3319 in
965 3257 1105 3318 omuibus
1121 3273 1196 3330 quas

33 3349 142 3482 salphat
164 3346 249 3405 rebus
277 3345 417 3407 adhibuit.
462 3346 538 3408 Haec
558 3349 626 3409 sunt
650 3366 718 3427 quae
734 3346 804 3406 fecit
819 3362 888 3406 ante
907 3362 957 3403 me
973 3360 1070 3402 nemo.
1113 3337 1199 3398 Nam

32 3431 65 3479 lt
105 3426 242 3490 Horatius
263 3451 349 3491 verus
374 3429 507 3507 Proteus,
530 3433 604 3512 saepe
625 3435 736 3493 formas
759 3429 913 3501 variando,
935 3428 1109 3502 interpretes
1131 3421 1199 3480 suos

32 3523 75 3583 epe
92 3510 203 3596 effugit,
226 3515 281 3596 qui
304 3512 375 3576 crim
399 3516 492 3598 ipsum
516 3515 727 3598 reprehendere
749 3514 919 3595 nequirent,
941 3508 1092 3586 stupentes
1117 3505 1200 3563 sece-

33 3599 175 3675 estquod
198 3617 372 3679 potuerunt.
416 3603 587 3664 Affixeruat
611 3602 638 3661 ei
660 3603 864 3681 saepenumero
885 3595 1001 3656 sensum
1024 3611 1083 3651 non
1105 3588 1201 3685 solum

34 3675 147 3757 iterium,
168 3684 214 3744 sed
237 3686 330 3746 etiarn
353 3687 516 3761 aduersum,
540 3707 689 3767 quemque
714 3686 773 3764 ipse
794 3704 831 3743 eo
855 3681 926 3741 loco
941 3673 1071 3737 refellere
1086 3671 1199 3766 'voluis

32 3755 76 3820 ¹00
89 3769 161 3845 qaod
176 3791 233 3852 ego
248 3771 414 3853 quicquam
425 3772 587 3848 detraslum
601 3773 642 3832 eis
658 3769 759 3844 velim,
774 3769 909 3849 quiante
927 3782 976 3820 me
989 3755 1114 3852 Horatio
1129 3753 1203 3851 ¹¹¹⁰ss

33 3850 112 3912 'nudo
132 3853 262 3915 laborem
290 3857 373 3917 suum
398 3861 607 3921 contulerunt:
632 3856 723 3916 laudo
746 3868 874 3930 conatus
900 3846 1033 3914 istorum
1063 3839 1104 3899 ¹¹¹¹
1127 3842 1204 3898 m¹¹¹¹

34 3929 77 3991 ian
91 3956 295 4016 apperuerunt.
329 3941 357 4002 Si
373 3945 431 4022 qus
443 3945 474 4004 in
486 3967 516 4006 re
531 3965 588 4026 ego
603 3941 669 4001 illos
685 3937 830 4018 superavi,
845 3951 936 3994 omne
953 3925 1023 3986 illud
1043 3935 1205 4024 acceptum

33 4016 91 4078 estro
105 4027 214 4107 magnis
234 4025 296 4086 illis
312 4031 348 4086 ex
371 4028 544 4110 antiquitate
560 4028 640 4100 viriS,
664 4044 741 4104 quos
762 4021 874 4102 majore
892 4033 964 4075 cum
987 4029 1068 4102 cura,
1092 4026 1206 4088 majore

32 4101 158 4182 arsatio,
179 4110 251 4192 legi,
276 4107 442 4175 Homerum
465 4115 544 4186 dico,
567 4111 737 4181 Platonem,
760 4099 966 4165 Aristotelem,
988 4090 1116 4168 ³¹¹0¹q¹¹⁶
1140 4105 1206 4150 ¹³¹⁰

32 4177 134 4267 iratos,
155 4216 245 4273 quarn
263 4192 403 4266 Latinos,
425 4219 499 4276 quos
523 4195 630 4259 assidue
652 4211 728 4264 ter0,
752 4203 785 4248 ut
801 4187 835 4247 ad
859 4199 964 4276 eorum
979 4171 1092 4267 gestum
1106 4173 1205 4267 {0¹01-

33 4290 78 4334 nm
90 4297 197 4355 meum,
212 4301 381 4362 eorumque
397 4280 527 4348 sontibus
544 4279 663 4365 ingenii
679 4277 706 4339 δι
721 4269 834 4356 Judicii
850 4286 908 4328 mer
922 4255 1055 4322 hortulus
1070 4273 1207 4405 rrrrffpr‘p.

456 4386 468 4430 1
1100 4375 1104 4385 ·
1186 4367 1209 4408 rt

1019 4469 1027 4510 r
